@article{parte2001electronica,
  title={Electr{\'o}nica de potencia},
  author={PARTE, A},
  journal={Universitario},
  pages={80},
  year={2001}
}
@book{garcia2006electronica,
  title={Electr{\'o}nica de potencia: componentes, topolog{\'\i}as y equipos},
  author={Garc{\'\i}a, Salvador Mart{\'\i}nez and Gil, Juan Andr{\'e}s Gualda},
  year={2006},
  publisher={Editorial Paraninfo}
}