@article{mosso2001brazo,
  title={Brazo rob{\'o}tico para sujetar y posicionar laparoscopios. Primer dise{\~n}o y construcci{\'o}n en M{\'e}xico},
  author={An√≥nimo},
  journal={Cirug{\'\i}a y Cirujanos},
  volume={69},
  number={6},
  pages={295--299},
  year={2001}
}