@Article{anonimo2019,
  author = {Anonimo},
  title  = {Tema 4. Conversi√≥n de CA/CA. Reguladores de corriente.},
  month  = {sep},
  year   = {2019},
  url    = {http://ocw.uc3m.es/tecnologia-electronica/electronica-de-potencia/material-de-clase-1/MC-F-004.pdf},
}

@Article{universidaddelasamericaspuebla2018A,
  author = {Universidad de las Americas-Puebla},
  title  = {Capitulo 1. Convertidores de CA-CD y CD-CA},
  month  = {dec},
  year   = {2018},
  url    = {http://catarina.udlap.mx/u_dl_a/tales/documentos/lem/moyaho_l_i/capitulo1.pdf},
}

@Article{universidaddelasamericaspuebla2018,
  author = {Universidad de las Americas-Puebla},
  title  = {Capitulo 2. Convertidores de potencia},
  month  = {dec},
  year   = {2018},
  url    = {http://catarina.udlap.mx/u_dl_a/tales/documentos/lep/mendez_s_j/capitulo2.pdf},
}

@Article{universityoflaspalmasdegrancanaria2019,
  author = {University Of Las Palmas De Gran Canaria},
  title  = {Tema 4. Convertidores de potencia},
  year   = {2019},
  url    = {http://www.iuma.ulpgc.es/~roberto/asignaturas/EI/transparencias/EI_Tema_4.Convertidores-Potencia(slides).pdf},
}